{"type":"last_match","trade_id":30154291,"maker_order_id":"11e4baa0-8f21-4ba6-a579-8fcd11a7710d","taker_order_id":"9b17535e-f672-48ed-a8ed-f5cccc5094d5","side":"buy","size":"1.40131734","price":"15692.26000000","product_id":"BTC-USD","sequence":4642943022,"time":"2017-12-23T22:49:20.676000Z"}
{"type":"subscriptions","channels":[{"name":"matches","product_ids":["BTC-USD"]}]}
{"type":"match","trade_id":30154292,"maker_order_id":"81e7bfac-ba26-4d31-8765-fd79ff597611","taker_order_id":"378eec11-ed35-487c-8c84-991e6511b593","side":"buy","size":"0.00200000","price":"15694.96000000","product_id":"BTC-USD","sequence":4642943205,"time":"2017-12-23T22:49:22.226000Z"}
{"type":"match","trade_id":30154293,"maker_order_id":"0bee8f18-922f-495d-b7c4-01685a3b2a82","taker_order_id":"378eec11-ed35-487c-8c84-991e6511b593","side":"buy","size":"0.09800000","price":"15694.96000000","product_id":"BTC-USD","sequence":4642943207,"time":"2017-12-23T22:49:22.226000Z"}
{"type":"match","trade_id":30154294,"maker_order_id":"30d3716a-fae0-4ff0-9ddc-551a8d14a61a","taker_order_id":"a2a902ad-52af-40ab-af0d-b959ad94d8d5","side":"sell","size":"0.06000000","price":"15694.97000000","product_id":"BTC-USD","sequence":4642943215,"time":"2017-12-23T22:49:22.277000Z"}
{"type":"match","trade_id":30154295,"maker_order_id":"30d3716a-fae0-4ff0-9ddc-551a8d14a61a","taker_order_id":"9d5e3a6d-cf66-4d6c-ae70-98059b8a7a4b","side":"sell","size":"0.04143063","price":"15694.97000000","product_id":"BTC-USD","sequence":4642943218,"time":"2017-12-23T22:49:22.294000Z"}
{"type":"match","trade_id":30154296,"maker_order_id":"30d3716a-fae0-4ff0-9ddc-551a8d14a61a","taker_order_id":"7fa9669f-a061-4195-b1c5-64c99660ec34","side":"sell","size":"0.24993095","price":"15694.97000000","product_id":"BTC-USD","sequence":4642943221,"time":"2017-12-23T22:49:22.305000Z"}
{"type":"match","trade_id":30154297,"maker_order_id":"30d3716a-fae0-4ff0-9ddc-551a8d14a61a","taker_order_id":"241d3d96-2033-4202-839d-9d9f2eab9d33","side":"sell","size":"0.01000000","price":"15694.97000000","product_id":"BTC-USD","sequence":4642943224,"time":"2017-12-23T22:49:22.323000Z"}
{"type":"match","trade_id":30154298,"maker_order_id":"0bee8f18-922f-495d-b7c4-01685a3b2a82","taker_order_id":"ad1d07b8-3c3f-438a-9661-98c88c27351d","side":"buy","size":"0.03852708","price":"15694.96000000","product_id":"BTC-USD","sequence":4642943268,"time":"2017-12-23T22:49:22.926000Z"}
{"type":"match","trade_id":30154299,"maker_order_id":"0bee8f18-922f-495d-b7c4-01685a3b2a82","taker_order_id":"3fac0c37-c451-4bec-b1b1-88a9e161d0f6","side":"buy","size":"0.03347292","price":"15694.96000000","product_id":"BTC-USD","sequence":4642943415,"time":"2017-12-23T22:49:24.895000Z"}
{"type":"match","trade_id":30154300,"maker_order_id":"a7814676-877a-4c14-a722-25397538138a","taker_order_id":"3fac0c37-c451-4bec-b1b1-88a9e161d0f6","side":"buy","size":"0.04652708","price":"15694.96000000","product_id":"BTC-USD","sequence":4642943417,"time":"2017-12-23T22:49:24.895000Z"}
{"type":"match","trade_id":30154301,"maker_order_id":"51e399e4-3e17-446b-9d58-e850feb872b7","taker_order_id":"3fac0c37-c451-4bec-b1b1-88a9e161d0f6","side":"buy","size":"0.01558742","price":"15692.27000000","product_id":"BTC-USD","sequence":4642943419,"time":"2017-12-23T22:49:24.895000Z"}
{"type":"match","trade_id":30154302,"maker_order_id":"6a06cc5e-4aab-4af1-a56f-df14c9092f3c","taker_order_id":"3fac0c37-c451-4bec-b1b1-88a9e161d0f6","side":"buy","size":"0.00883575","price":"15692.27000000","product_id":"BTC-USD","sequence":4642943421,"time":"2017-12-23T22:49:24.895000Z"}
{"type":"match","trade_id":30154303,"maker_order_id":"6a06cc5e-4aab-4af1-a56f-df14c9092f3c","taker_order_id":"cb3cffcb-a6e7-4775-b267-b8255e0c8311","side":"buy","size":"0.00556712","price":"15692.27000000","product_id":"BTC-USD","sequence":4642943565,"time":"2017-12-23T22:49:25.716000Z"}
{"type":"match","trade_id":30154304,"maker_order_id":"2662c222-bbbb-4b96-956f-a3f5ccbcd12b","taker_order_id":"cb3cffcb-a6e7-4775-b267-b8255e0c8311","side":"buy","size":"0.01442296","price":"15692.27000000","product_id":"BTC-USD","sequence":4642943567,"time":"2017-12-23T22:49:25.716000Z"}
{"type":"match","trade_id":30154305,"maker_order_id":"b81e59ff-84e3-4baa-9a4a-a09b423d4ca1","taker_order_id":"cb3cffcb-a6e7-4775-b267-b8255e0c8311","side":"buy","size":"0.00354110","price":"15680.00000000","product_id":"BTC-USD","sequence":4642943569,"time":"2017-12-23T22:49:25.716000Z"}
{"type":"match","trade_id":30154306,"maker_order_id":"f20b560b-b3df-4293-83b0-dd0ff49386ec","taker_order_id":"cb3cffcb-a6e7-4775-b267-b8255e0c8311","side":"buy","size":"0.00030000","price":"15679.98000000","product_id":"BTC-USD","sequence":4642943571,"time":"2017-12-23T22:49:25.716000Z"}
{"type":"match","trade_id":30154307,"maker_order_id":"80bcee5f-8a8b-42d3-832b-3524a09f9681","taker_order_id":"cb3cffcb-a6e7-4775-b267-b8255e0c8311","side":"buy","size":"0.01000000","price":"15679.98000000","product_id":"BTC-USD","sequence":4642943573,"time":"2017-12-23T22:49:25.716000Z"}
{"type":"match","trade_id":30154308,"maker_order_id":"51c8ff93-53de-4e01-ac16-d8ec3ee90dd6","taker_order_id":"cb3cffcb-a6e7-4775-b267-b8255e0c8311","side":"buy","size":"0.06616882","price":"15679.98000000","product_id":"BTC-USD","sequence":4642943575,"time":"2017-12-23T22:49:25.716000Z"}
{"type":"match","trade_id":30154309,"maker_order_id":"b7ee6904-5737-4442-8276-ac2b8c718dfd","taker_order_id":"6231a527-7344-4847-bace-1882d03db54e","side":"sell","size":"0.03986967","price":"15694.95000000","product_id":"BTC-USD","sequence":4642943585,"time":"2017-12-23T22:49:25.773000Z"}
{"type":"match","trade_id":30154310,"maker_order_id":"51c8ff93-53de-4e01-ac16-d8ec3ee90dd6","taker_order_id":"1e6376ae-81db-4d33-ae00-93ecaa685ad3","side":"buy","size":"0.12503118","price":"15679.98000000","product_id":"BTC-USD","sequence":4642943646,"time":"2017-12-23T22:49:25.988000Z"}
{"type":"match","trade_id":30154311,"maker_order_id":"5d135fc9-c8aa-474b-bcfa-f02a9063f310","taker_order_id":"1e6376ae-81db-4d33-ae00-93ecaa685ad3","side":"buy","size":"0.00038229","price":"15675.36000000","product_id":"BTC-USD","sequence":4642943648,"time":"2017-12-23T22:49:25.988000Z"}
{"type":"match","trade_id":30154312,"maker_order_id":"54d3a65a-1a56-4300-9254-60afc0b8a608","taker_order_id":"1e6376ae-81db-4d33-ae00-93ecaa685ad3","side":"buy","size":"0.02867656","price":"15672.64000000","product_id":"BTC-USD","sequence":4642943650,"time":"2017-12-23T22:49:25.988000Z"}
{"type":"match","trade_id":30154313,"maker_order_id":"47947238-a350-48d8-b3d4-c365d6895b43","taker_order_id":"1e6376ae-81db-4d33-ae00-93ecaa685ad3","side":"buy","size":"0.04935122","price":"15668.27000000","product_id":"BTC-USD","sequence":4642943652,"time":"2017-12-23T22:49:25.988000Z"}
{"type":"match","trade_id":30154314,"maker_order_id":"a5ab0eec-4495-4498-a419-df4b36d88ebd","taker_order_id":"1d80059f-6007-4280-8b55-180080030317","side":"sell","size":"0.66240000","price":"15694.93000000","product_id":"BTC-USD","sequence":4642943724,"time":"2017-12-23T22:49:26.203000Z"}
{"type":"match","trade_id":30154315,"maker_order_id":"f4defe1c-1c62-413d-bf5b-701dd39a9427","taker_order_id":"f7b2f403-2f8e-40f0-a7d8-1c0fcc54b911","side":"sell","size":"0.01000000","price":"15694.92000000","product_id":"BTC-USD","sequence":4642943802,"time":"2017-12-23T22:49:26.420000Z"}
{"type":"match","trade_id":30154316,"maker_order_id":"62712221-0101-46e3-8f73-0484a0891934","taker_order_id":"f7b2f403-2f8e-40f0-a7d8-1c0fcc54b911","side":"sell","size":"0.01500000","price":"15694.93000000","product_id":"BTC-USD","sequence":4642943804,"time":"2017-12-23T22:49:26.420000Z"}
{"type":"match","trade_id":30154317,"maker_order_id":"6794ec11-356b-4be2-aa18-2bcb3cca49a2","taker_order_id":"f7b2f403-2f8e-40f0-a7d8-1c0fcc54b911","side":"sell","size":"0.01379982","price":"15694.94000000","product_id":"BTC-USD","sequence":4642943806,"time":"2017-12-23T22:49:26.420000Z"}
{"type":"match","trade_id":30154318,"maker_order_id":"730f4331-7c29-4c87-8d2e-a2f94815765d","taker_order_id":"dbeba907-d9c9-4e49-8feb-2c56690fff59","side":"buy","size":"0.01000000","price":"15680.03000000","product_id":"BTC-USD","sequence":4642943934,"time":"2017-12-23T22:49:26.915000Z"}
{"type":"match","trade_id":30154319,"maker_order_id":"9a1549fc-5f93-4bdc-950d-7ed497aa8077","taker_order_id":"dbeba907-d9c9-4e49-8feb-2c56690fff59","side":"buy","size":"0.01000000","price":"15680.02000000","product_id":"BTC-USD","sequence":4642943936,"time":"2017-12-23T22:49:26.915000Z"}
{"type":"match","trade_id":30154320,"maker_order_id":"84cb8e59-daf2-41f5-84cd-d6837905fa4c","taker_order_id":"dbeba907-d9c9-4e49-8feb-2c56690fff59","side":"buy","size":"0.08500000","price":"15680.02000000","product_id":"BTC-USD","sequence":4642943938,"time":"2017-12-23T22:49:26.915000Z"}
{"type":"match","trade_id":30154321,"maker_order_id":"1dba5169-3a12-4037-9a61-266b46a1af28","taker_order_id":"61b06b9a-564a-4e0a-aa60-836254b55bea","side":"buy","size":"0.00120000","price":"15680.01000000","product_id":"BTC-USD","sequence":4642944060,"time":"2017-12-23T22:49:27.348000Z"}
{"type":"match","trade_id":30154322,"maker_order_id":"b703b43c-1a6b-425a-8f4c-88e1f729c4ee","taker_order_id":"61b06b9a-564a-4e0a-aa60-836254b55bea","side":"buy","size":"0.06492977","price":"15668.31000000","product_id":"BTC-USD","sequence":4642944062,"time":"2017-12-23T22:49:27.348000Z"}
{"type":"match","trade_id":30154323,"maker_order_id":"b5669684-3a4f-449e-9a4b-5863fbebe2fe","taker_order_id":"7532b47d-9e42-4010-83ea-a8df2469868b","side":"sell","size":"0.01000000","price":"15694.91000000","product_id":"BTC-USD","sequence":4642944082,"time":"2017-12-23T22:49:27.406000Z"}
{"type":"match","trade_id":30154324,"maker_order_id":"940acb47-27f3-4681-95d6-82ef7a9723a5","taker_order_id":"c90bb638-a3e1-44b5-85f6-48127c0b0218","side":"buy","size":"0.01000000","price":"15649.64000000","product_id":"BTC-USD","sequence":4642944145,"time":"2017-12-23T22:49:27.588000Z"}
{"type":"match","trade_id":30154325,"maker_order_id":"a3438456-2d09-4337-9f50-a895dc38f3bc","taker_order_id":"c90bb638-a3e1-44b5-85f6-48127c0b0218","side":"buy","size":"0.00138000","price":"15649.63000000","product_id":"BTC-USD","sequence":4642944147,"time":"2017-12-23T22:49:27.588000Z"}
{"type":"match","trade_id":30154326,"maker_order_id":"61c925a0-9ac2-4a5a-8232-48c8e37fdb48","taker_order_id":"c90bb638-a3e1-44b5-85f6-48127c0b0218","side":"buy","size":"0.01000000","price":"15645.71000000","product_id":"BTC-USD","sequence":4642944149,"time":"2017-12-23T22:49:27.588000Z"}
{"type":"match","trade_id":30154327,"maker_order_id":"061b1ce9-ed5b-4091-80b0-a42f67f24bd4","taker_order_id":"c90bb638-a3e1-44b5-85f6-48127c0b0218","side":"buy","size":"0.00862000","price":"15637.96000000","product_id":"BTC-USD","sequence":4642944151,"time":"2017-12-23T22:49:27.588000Z"}
{"type":"match","trade_id":30154328,"maker_order_id":"e959f44c-11d8-414b-8d38-869975dc68a0","taker_order_id":"2478d534-7d68-42c3-b0fa-b62faa2ddad3","side":"buy","size":"0.01537589","price":"15680.03000000","product_id":"BTC-USD","sequence":4642944656,"time":"2017-12-23T22:49:29.229000Z"}
{"type":"match","trade_id":30154329,"maker_order_id":"50fc6ff4-3574-4351-8b1f-c97b6dd20a04","taker_order_id":"2478d534-7d68-42c3-b0fa-b62faa2ddad3","side":"buy","size":"0.08462411","price":"15680.03000000","product_id":"BTC-USD","sequence":4642944658,"time":"2017-12-23T22:49:29.229000Z"}
